@misc{ser222:racuna1,
  author = {Ruben Acu\~na},
  title = {MaxPQ.java},
  year = 2018,
  howpublished = "\url{https://github.com/racuna1/ser222-public/blob/master/SER222_02_04_Samples/src/MaxPQ.java}",
  note = "Accessed: 04-11-2022"
}
