@electronic{cse578:guidelines,
  title = "{MCS} Project Portfolio Instructions",
  url = "https://cidse.engineering.asu.edu/wp-content/uploads/2019/04/MCS-Portfolio-Guidelines-4.2019.pdf",
}

@book{hoos2004stochastic,
  title={Stochastic local search: Foundations and applications},
  author={Hoos, Holger H and St{\"u}tzle, Thomas},
  year={2004},
  publisher={Elsevier}
}

@misc{cse579:AutomatedWarehouseScenario,
  author = {Gebser, Martin and Obermeier, Philipp},
  title = {{ASP Challenge Problem:} Automated Warehouse Scenario},
  year = 2019,
  howpublished = "\url{https://sites.google.com/view/aspcomp2019/problem-domains}",
  url = {https://sites.google.com/view/aspcomp2019/problem-domains},
  note = "Accessed: 02-13-2021"
}

@misc{cse579:Methodology,
  author = {Dr. Lee, Joohyung and Ghayekhloo, Samira and Deepak, Vishal and Kintali, Pavan Kumar and Mutyam, Nilesh and Zeng, Yankai},
  title = {{CSE 579 Knowledge Representation and Reasoning:} Week 4: Methodology of Answer Set Programming: Generate-(Define)-Test Method
  },
  year = 2019,
  howpublished = "\url{https://www.coursera.org/learn/cse579-knowledge-representation-reasoning/lecture/pAwsa/methodology-of-answer-set-programming-generate-define-test-method}",
  note = "Accessed: 03-06-2021"
}

@misc{cse579:CourseProject,
  author = {Dr. Lee, Joohyung and Ghayekhloo, Samira and Deepak, Vishal and Kintali, Pavan Kumar and Mutyam, Nilesh and Zeng, Yankai},
  title = {{CSE 579 Knowledge Representation and Reasoning:} Week 1: Course Project[text]},
  year = 2019,
  howpublished = "\url{https://www.coursera.org/learn/cse579-knowledge-representation-reasoning/supplement/hPWEJ/course-project}",
  note = "Accessed: 02-13-2021"
}

@misc{cse579:CourseMonkeyAndBananasPart1,
  author = {Dr. Lee, Joohyung and Ghayekhloo, Samira and Deepak, Vishal and Kintali, Pavan Kumar and Mutyam, Nilesh and Zeng, Yankai},
  title = {{CSE 579 Knowledge Representation and Reasoning:} Week 5: Monkey and Bananas in ASP - Part 1 [video]},
  year = 2019,
  howpublished = "\url{https://www.coursera.org/learn/cse579-knowledge-representation-reasoning/lecture/4b00Z/monkey-and-bananas-in-asp-part-1}",
  note = "Accessed: 02-20-2021"
}

@misc{cse579:CourseMonkeyAndBananasPart2,
  author = {Dr. Lee, Joohyung and Ghayekhloo, Samira and Deepak, Vishal and Kintali, Pavan Kumar and Mutyam, Nilesh and Zeng, Yankai},
  title = {{CSE 579 Knowledge Representation and Reasoning:} Week 5: Monkey and Bananas in ASP - Part 1 [video]},
  year = 2019,
  howpublished = "\url{https://www.coursera.org/learn/cse579-knowledge-representation-reasoning/lecture/1xezS/monkey-and-bananas-in-asp-part-2}",
  note = "Accessed: 02-23-2021"
}

@misc{cse579:CourseBlocksWorld,
  author = {Dr. Lee, Joohyung and Ghayekhloo, Samira and Deepak, Vishal and Kintali, Pavan Kumar and Mutyam, Nilesh and Zeng, Yankai},
  title = {{CSE 579 Knowledge Representation and Reasoning:} Week 5: Blocks World in ASP[video]},
  year = 2019,
  howpublished = "\url{https://www.coursera.org/learn/cse579-knowledge-representation-reasoning/lecture/3IkpL/blocks-world-in-asp}",
  note = "Accessed: 02-27-2021"
}

@misc{cse579:asprilo,
  author = {Gebser, M., Obermeier, P., Otto, T., Schaub, T., Sabuncu, O., Nguyen, V., & Son, T. C. & Yeoh, W.},
  title = {{ASPRILO} A benchmarking framework to study intra-logistics and warehouse automation with multiple mobile robots},
  year = 2018,
  howpublished = "\url{https://asprilo.github.io/visualizer/}",
  note = "Accessed: 02-23-2021"
}

@misc{cse579:vizlo,
  author = {glaserL},
  title = {Vizlo: Debugging module for clingo},
  year = {2020},
  publisher = {GitHub},
  journal = {GitHub repository},
  howpublished = {\url{https://github.com/glaserL/vizlo}},
  commit = {2e3ade0a91f365d505b4e2f53aa1fdc448bd7cfb}
}

@misc{cse579:clingo-debug-gui,
  author = {Distributed Systems Group at the University of Kassel},
  title = {Clingo Debug Gui},
  year = {2020},
  publisher = {GitHub},
  journal = {GitHub repository},
  howpublished = {\url{https://github.com/dasys-lab/clingo-debug-gui}},
  commit = {accba5ad3c7103aa3db3bccc3dbf4a2c4ed3e68b}
}