@electronic{cse578:guidelines,
  title = "{MCS} Project Portfolio Instructions",
  url = "https://cidse.engineering.asu.edu/wp-content/uploads/2019/04/MCS-Portfolio-Guidelines-4.2019.pdf",
}

@article{cse578:latex,
  author = "Michael Shell",
  title = "How to Use the {IEEEtran} {LaTeX} Class",
  journal = "Journal of {LaTeX} Class Files",
  volume = 14,
  number = 8,
  month = aug,
  year = 2015,
  url = "http://www.ctan.org/tex-archive/macros/latex/contrib/IEEEtran/IEEEtran_HOWTO.pdf",
}

@electronic{cse578:bibtex,
  author  = "Michael Shell",
  title   = "How to Use the {IEEEtran} {BibTeX} Style",
  url     = "http://www.ctan.org/tex-archive/macros/latex/contrib/IEEEtran/bibtex/IEEEtran_bst_HOWTO.pdf",
}

@misc{cse578:censusIncomeClassificationLightgbm, 
  author = {Scott M. Lundberg},
  title   ={Census income classification with LightGBM}, 
  url     ={https://slundberg.github.io/shap/notebooks/tree_explainer/Census%20income%20classification%20with%20LightGBM.html#Census-income-classification-with-LightGBM}, 
  journal ={Census income classification with LightGBM}
}

@article{cse578:consistentIndividualizedFeatureAttributionForTreeEnsembles,
  author    = {Scott M. Lundberg and
               Gabriel G. Erion and
               Su{-}In Lee},
  title     = {Consistent Individualized Feature Attribution for Tree Ensembles},
  journal   = {CoRR},
  volume    = {abs/1802.03888},
  year      = {2018},
  url       = {http://arxiv.org/abs/1802.03888},
  archivePrefix = {arXiv},
  eprint    = {1802.03888},
  timestamp = {Mon, 13 Aug 2018 16:46:31 +0200},
  biburl    = {https://dblp.org/rec/journals/corr/abs-1802-03888.bib},
  bibsource = {dblp computer science bibliography, https://dblp.org}
}

@inproceedings{cse578:kohaviNbtree,
  author={Ron Kohavi},
  title={Scaling Up the Accuracy of Naive-Bayes Classifiers: a
          Decision-Tree Hybrid},
  booktitle={Proceedings of the Second International Conference on
              Knowledge Discovery and Data Mining},
  year = 1996,
  pages={to appear}
}

@inproceedings{brain2002need,
  title={The need for low bias algorithms in classification learning from large data sets},
  author={Brain, Damien and Webb, Geoffrey I},
  booktitle={European Conference on Principles of Data Mining and Knowledge Discovery},
  pages={62--73},
  year={2002},
  organization={Springer}
}

@misc{slack2019fooling,
    title={Fooling LIME and SHAP: Adversarial Attacks on Post hoc Explanation Methods},
    author={Dylan Slack and Sophie Hilgard and Emily Jia and Sameer Singh and Himabindu Lakkaraju},
    year={2019},
    eprint={1911.02508},
    archivePrefix={arXiv},
    primaryClass={cs.LG}
}

@ONLINE{ExplainingMeasuresofFairnessAvoidt,
    description = {This hands-on article connects explainable AI with fairness measures and shows how modern explainability methods can enhance the usefulness of quantitative fairness metrics. By using SHAP (a popular…},
    author = {Scott Lundberg},
    title = {Explaining Measures of Fairness. Avoid the black-box use of fairness… | by Scott Lundberg | Towards Data Science},
    url = {https://towardsdatascience.com/explaining-measures-of-fairness-f0e419d4e0d7},
    urldate = {2020-07-11}
}

@book{perreault2002basic,
  title={Basic marketing: A global managerial approach},
  author={Perreault, William D and McCarthy, E Jerome},
  year={2002},
  publisher={McGraw-Hill/Irwin}
}

@article{wilson2016school,
  title={School marketing as a sorting mechanism: A critical discourse analysis of charter school websites},
  author={Wilson, Terri S and Carlsen, Robert L},
  journal={Peabody Journal of Education},
  volume={91},
  number={1},
  pages={24--46},
  year={2016},
  publisher={Taylor \& Francis}
}

@article{leonhardt2014college,
  title={Is college worth it? Clearly, new data say},
  author={Leonhardt, David},
  journal={The New York Times},
  volume={27},
  year={2014}
}

@article{daly2014still,
  title={Is it still worth going to college},
  author={Daly, Mary C and Bengali, Leila},
  journal={FRBSF Economic Letter},
  volume={13},
  pages={2014},
  year={2014},
  publisher={Federal Reserve Bank of San Francisco}
}

@article{webber2016college,
  title={Are college costs worth it? How ability, major, and debt affect the returns to schooling},
  author={Webber, Douglas A},
  journal={Economics of Education Review},
  volume={53},
  pages={296--310},
  year={2016},
  publisher={Elsevier}
}

@article{emmons2019college,
  title={Is college still worth it? The new calculus of falling returns},
  author={Emmons, William R and Kent, Ana Hern{\~A} and Ricketts, Lowell and others},
  journal={The New Calculus of Falling Returns},
  pages={297--329},
  year={2019}
}

@article{blau2017gender,
  title={The gender wage gap: Extent, trends, and explanations},
  author={Blau, Francine D and Kahn, Lawrence M},
  journal={Journal of Economic Literature},
  volume={55},
  number={3},
  pages={789--865},
  year={2017}
}

@misc{hess_2019, 
  title={Women are slowly pursuing more high-paying degrees, but the pay gap remains, says new research},
  url={https://www.cnbc.com/2019/10/04/women-are-pursuing-more-high-paying-degrees-but-the-pay-gap-remains.html},
  journal={CNBC},
  publisher={CNBC},
  author={Hess, Abigail J},
  year={2019},
  month={Oct}
}

@article{martin2015ethical,
  title={Ethical issues in the big data industry},
  author={Martin, Kirsten E},
  journal={MIS Quarterly Executive},
  volume={14},
  pages={2},
  year={2015}
}

@misc{angwin_larson_mattu_kirchner_2016,
  title={Machine Bias},
  url={https://www.propublica.org/article/machine-bias-risk-assessments-in-criminal-sentencing},
  journal={ProPublica},
  author={Angwin, Julia and Larson, Jeff and Mattu, Surya and Kirchner, Lauren},
  year={2016},
  month={May}
}

@misc{wiki:Public_school_funding_in_the_United_States,
   author = "Wikipedia",
   title = "{Public school funding in the United States} --- {W}ikipedia{,} The Free Encyclopedia",
   year = "2020",
   howpublished = {\url{http://en.wikipedia.org/w/index.php?title=Public\%20school\%20funding\%20in\%20the\%20United\%20States&oldid=967163826}},
   note = "[Online; accessed 12-July-2020]"
 }

 @misc{grants,
  title={Grants},
  url={https://www.ed.gov/category/subject/Grants},
  journal={Grants | U.S. Department of Education}
}