@misc{ser222:racuna1,
  author = {Ruben Acu\~na},
  title = {MaxPQ.java},
  year = 2018,
  howpublished = "\url{https://github.com/racuna1/ser222-public/blob/master/SER222_02_04_Samples/src/MaxPQ.java}",
  note = "Accessed: 04-11-2022"
}
@misc{ser222:duolingomarket,
  title = {2021 Duolingo Language Report},
  howpublished = {\url{https://blog.duolingo.com/2021-duolingo-language-report/}},
  note = {Accessed: 2022-05-02}
}
@misc{ser222:skype,
  title = {Skype Translator},
  howpublished = {\url{https://www.skype.com/en/features/skype-translator/}},
  note = {Accessed: 2022-05-02}
}
@misc{ser222:babbel,
  title = {Four Ways Language Learning Might Be Different In 2022},
  howpublished = {\url{https://www.babbel.com/en/magazine/language-learning-in-2022}},
  note = {Accessed: 2022-05-02}
}
@misc{ser222:onlinemarker,
  title = {US Online Language Learning Market Report 2022},
  howpublished = {\url{https://www.yahoo.com/now/us-online-language-learning-market-095600098.html}},
  note = {Accessed: 2022-05-02}
}
@article{mori2012five,
  title={Five myths about kanji and kanji learning},
  author={Mori, Yoshiko},
  journal={Japanese Language and Literature},
  pages={143--169},
  year={2012},
  publisher={JSTOR}
}
@book{davis2015manga,
  title={Manga and Anime go to Hollywood},
  author={Davis, Northrop},
  year={2015},
  publisher={Bloomsbury Publishing USA}
}
@article{castilho2017neural,
  title={Is neural machine translation the new state of the art?},
  author={Castilho, Sheila and Moorkens, Joss and Gaspari, Federico and Calixto, Iacer and Tinsley, John and Way, Andy},
  journal={The Prague Bulletin of Mathematical Linguistics},
  volume={108},
  number={1},
  pages={109},
  year={2017},
  publisher={De Gruyter Poland}
}
@inproceedings{danh2021sustanaible,
  title={Sustanaible Methods of Improving Kanji Learning Skills for Japanese Language Learners at Basic Level at FPT University},
  author={Danh, Nguyen Tan},
  booktitle={E3S Web of Conferences},
  volume={295},
  pages={05031},
  year={2021},
  organization={EDP Sciences}
}
@article{nesbitt2016sustaining,
  title={Sustaining Motivation for Japanese" Kanji" Learning: Can Digital Games Help?.},
  author={Nesbitt, Dallas and M{\"u}ller, Amanda},
  journal={JALT Call journal},
  volume={12},
  number={1},
  pages={23--41},
  year={2016},
  publisher={ERIC}
}
@inproceedings{plecher2018dragon,
  title={Dragon tale-a serious game for learning japanese kanji},
  author={Plecher, David A and Eichhorn, Christian and Kindl, Janosch and Kreisig, Stefan and Wintergerst, Monika and Klinker, Gudrun},
  booktitle={Proceedings of the 2018 Annual Symposium on Computer-Human Interaction in Play Companion Extended Abstracts},
  pages={577--583},
  year={2018}
}